@misc{egison,
  title={{The Egison Programming Language}},
  author={Satoshi Egi},
  year={2016},
  note="\url{https://www.egison.org}"
}
@article{egi2014non,
  title={Non-Linear Pattern-Matching against Non-free Data Types with Lexical Scoping},
  author={Egi, Satoshi},
  journal={arXiv preprint arXiv:1407.0729},
  year={2014}
}
@misc{wolfram,
  title={{Wolfram Language for Knowledge-Based Programming}},
  author={Wolfram},
  year={2016},
  note="\url{https://www.wolfram.com/language/}"
}
@misc{wolframTable,
  title={{Table - Wolfram Language Documentation}},
  author={Wolfram},
  year={2016},
  note="\url{http://reference.wolfram.com/language/ref/Table.html}"
}
@misc{wolframModule,
  title={{Module - Wolfram Language Documentation}},
  author={Wolfram},
  year={2016},
  note="\url{http://reference.wolfram.com/language/ref/Module.html}"
}
@article{toth2005tensor,
  title={Tensor manipulation in GPL Maxima},
  author={Toth, Viktor},
  journal={arXiv preprint cs/0503073},
  year={2005}
}
@misc{maximaWeb,
  title={{Maxima - a Computer Algebra System}},
  year={2016},
  note="\url{http://maxima.sourceforge.net/}"
}
@article{kobayashi1977,
  title={曲線と曲面の微分幾何},
  author={小林昭七},
  journal={基礎数学選書},
  volume={17},
  pages={1--29},
  year={1977}
}
@article{tashiro1981,
  title={テンソル解析},
  author={田代嘉宏},
  journal={基礎数学選書},
  volume={23},
  year={1981}
}
@article{ollivier2011visual,
  title={A visual introduction to Riemannian curvatures and some discrete generalizations},
  author={Ollivier, Yann},
  journal={Analysis and Geometry of Metric Measure Spaces: Lecture Notes of the 50th S{\'e}minaire de Math{\'e}matiques Sup{\'e}rieures (SMS), Montr{\'e}al},
  pages={197--219},
  year={2011}
}
@inproceedings{abadi2016tensorflow,
  title={TensorFlow: A system for large-scale machine learning},
  author={Abadi, Mart{\i}n and others},
  booktitle={Proceedings of the 12th USENIX Symposium on Operating Systems Design and Implementation (OSDI). Savannah, Georgia, USA},
  year={2016}
}
@misc{sympyDummySymbol,
  title={{SymPy User’s Guide - SymPy 1.0.1.dev documentation}},
  year={2016},
  note="\url{http://docs.sympy.org/dev/guide.html}"
}
@book{hartley2003multiple,
  title={Multiple view geometry in computer vision},
  author={Hartley, Richard and Zisserman, Andrew},
  year={2003},
  publisher={Cambridge university press}
}
@article{aahlander2002einstein,
  title={Einstein summation for multidimensional arrays},
  author={{\AA}hlander, Krister},
  journal={Computers \& Mathematics with Applications},
  volume={44},
  number={8-9},
  pages={1007--1017},
  year={2002},
  publisher={Elsevier}
}
@article{maeda2016geometry,
  title={The geometry of loop spaces II: Characteristic classes},
  author={Maeda, Yoshiaki and others},
  journal={Advances in Mathematics},
  volume={287},
  pages={485--518},
  year={2016},
  publisher={Elsevier}
}
@misc{maeda2010program,
  title={{Computation of the Wodzicki-Chern-Simons form in local coordinates. Computations for $S^1$ actions on $S^2 \times S^3$}},
  author={Maeda, Yoshiaki and others},
  year={2010},
  note="\url{http://math.bu.edu/people/sr/articles/ComputationsChernSimonsS2xS3_July_1_2010.pdf}"
}
@article{chiwintermediate,
  title={EIN: An Intermediate Representation for Compiling Tensor Calculus},
  author={Chiw, Charisee and Kindlman, Gordon L and Reppy, John},
  journal={19th Workshop on Compilers for Parallel Computing},
  year={2016}
}
@inproceedings{muranushi2016automatic,
  title={Automatic generation of efficient codes from mathematical descriptions of stencil computation},
  author={Muranushi, Takayuki and others},
  booktitle={Proceedings of the 5th International Workshop on Functional High-Performance Computing},
  pages={17--22},
  year={2016},
  organization={ACM}
}
@article{kindlmann2016diderot,
  title={Diderot: a domain-specific language for portable parallel scientific visualization and image analysis},
  author={Kindlmann, Gordon and others},
  journal={IEEE transactions on visualization and computer graphics},
  volume={22},
  number={1},
  pages={867--876},
  year={2016},
  publisher={IEEE}
}
@book{schutz1980geometrical,
  title={Geometrical methods of mathematical physics},
  author={Schutz, Bernard F},
  year={1980},
  publisher={Cambridge university press}
}
@book{fleisch2011student,
  title={A student's guide to vectors and tensors},
  author={Fleisch, Daniel A},
  year={2011},
  publisher={Cambridge University Press}
}

@article{solomonik2015sparse,
  title={Sparse Tensor Algebra as a Parallel Programming Model},
  author={Solomonik, Edgar and Hoefler, Torsten},
  journal={arXiv preprint arXiv:1512.00066},
  year={2015}
}