







///////////////////////////////////////////////////////////////////////////////////////////////////////////////////////
//				THOMAS GILRAY
///////////////////////////////////////////////////////////////////////////////////////////////////////////////////////



//
// Survey of Polyvariance
//
@inproceedings{gilray:2013:surveypolyvariance,
 author = {Thomas Gilray and Matthew Might},
 title = {A Survey of Polyvariance in Abstract Interpretations},
 booktitle = {Proceedings of the Symposium on Trends in Functional Programming},
 year = {2013},
 month = {May},
 location = {Provo, UT}
} 


//
// Unified Approach to Polyvariance
//
@inproceedings{gilray:2013:unifiedapproach,
 author = {Thomas Gilray and Matthew Might},
 title = {A Unified Approach to Polyvariance in Abstract Interpretations},
 booktitle = {Proceedings of the Workshop on Scheme and Functional Programming},
 year = {2013},
 month = {November},
 location = {Alexandria, VA}
} 


//
// WFLP 2014
//
@article{gilray:2014:partitioning0cfa,
  author = {Thomas Gilray and Jim King and Matthew Might},
  title = {Partitioning {0-CFA} for the {GPU}},
  month = {September},
  year  = {2014},
  journal = {Workshop on Functional and Constraint Logic Programming},
}


// ISC 2016
//

@inproceedings{king:2016:dynamic-csr,
	author = {King, James and Gilray, Thomas and Kirby, Robert M. and Might, Matthew},
	booktitle = {{To Appear at the International SuperComputing Conference}},
	month = {June},
	series = {{ISC 2016}},
	title = {{Dynamic Sparse-Matrix Allocation on GPUs}},
	year = {2016}
}
 


//
// POPL 2016
//
@article{gilray:2016:p4f,
  author = {Thomas Gilray and Steven Lyde and Michael D. Adams and Matthew Might and David Van Horn},
  title = {Pushdown Control-Flow Analysis For Free},
  month = {January},
  year  = {2016},
  journal = {Proceedings of the Symposium on the Principles of Programming Languages (POPL)},
}


//
// ICFP 2016
//
@article{gilray:2016:allocation,
  author = {Thomas Gilray and Michael D. Adams and Matthew Might},
  title = {Allocation Characterizes Polyvariance: A Unified Methodology for Polyvariant Control-flow Analysis},
  month = {September},
  year  = {2016},
  journal = {Proceedings of the International Conference on Functional Programming (ICFP)},
}


//
// SCHEME 2014 : Galois unions / Better together
//
@inproceedings{jenkins:2014:bettertogether,
  title={Concrete and abstract interpretation: Better together},
  author={Jenkins, Maria and Andersen, Leif and Gilray, Thomas and Might, Matthew},
  booktitle={Workshop on Scheme and Functional Programming},
  year={2015}
}






///////////////////////////////////////////////////////////////////////////////////////////////////////////////////////
//				MATT MIGHT
///////////////////////////////////////////////////////////////////////////////////////////////////////////////////////



//
// Abstract garbage collection and counting
//
@inproceedings{might:2006:gammacfa,
  title={Improving flow analyses via {$\Gamma$CFA}: abstract garbage collection and counting},
  author={Matthew Might and Olin Shivers},
  booktitle={ACM SIGPLAN Notices},
  volume={41},
  number={9},
  pages={13-25},
  year={2006},
  organization={ACM}
}

//
// A Posteriori Soundness
//
@inproceedings{might:2009:aposteriori,
 author = {Matthew Might and Panagiotis Manolios},
 title = {A Posteriori Soundness for Non-deterministic Abstract Interpretations},
 booktitle = {Proceedings of the 10th International Conference on Verification, Model Checking, and Abstract Interpretation},
 year = {2009},
 month = {January},
 location = {Savannah, GA},
 pages = {260-274},
} 



Abstracting Abstract Control. With J. Ian Johnson. 
The 10th ACM Symposium on Dynamic Languages (DLS'14), Portland, Oregon, October 2014.
//
// Optimizing Abstract Abstract Machines
//
@inproceedings{johnson:2014:aac,
 author = {J. Ian Johnson and David Van{ }Horn},
 title = {Abstracting Abstract Control},
 booktitle = {Proceedings of the ACM Symposium on Dynamic Languages},
 year = {2014},
 month = {October},
 location = {Portland, OR},
 OPTpages = {000},
} 



//
// Optimizing Abstract Abstract Machines
//
@inproceedings{johnson:2013:oaam,
 author = {J. Ian Johnson and Nicholas Labich and Matthew Might and David Van{ }Horn},
 title = {Optimizing Abstract Abstract Machines},
 booktitle = {Proceedings of the International Conference on Functional Programming},
 year = {2013},
 month = {September},
 location = {Boston, MA}
} 


//
// J. Ian Johnson (Unpublished correspondence on the Complexity of AAC)
//
@misc{johnson:2015:complexityemail,
  author = "J. Ian Johnson",
  date = "2015-06-11",
  year = 2015,
  title = {{AAC} complexity analysis discussion.},
  howpublished = "Unpublished correspondence."
}


//
// Abstracting Abstract Machines
//
@inproceedings{might:2010:aam,
  author = {David Van{ }Horn and Matthew Might},
  title = {Abstracting Abstract Machines},
  booktitle = {International Conference on Functional Programming},
  year = {2010},
  month = {Sep},
  location = {Baltimore, MD},
  pages = {51},
  OPTpages = {51-62},
} 



//
// Abstract Interpreters for free
//
@inproceedings{might:2010:free,
  author = {Matthew Might},
  title = {Abstract Interpreters for free},
  booktitle = {Static Analysis Symposium},
  year = {2010},
  month = {September},
  location = {Perpignan, France},
  pages = {407-421}
} 



//
// Hash-flow taint analysis of higher order Programs
//
@inproceedings{might:2012:hashflow,
 author = {Shuying Liang and Matthew Might},
 title = {Hash-Flow Taint Analysis of Higher-order Pograms},
 booktitle = {Proceedings of the Conference on Programming Language Analysis for Security},
 year = {2012},
 month = {June},
 location = {Beijing, China},
 OPTpages = {8:1-8:12},
} 



//
// mCFA : functional vs OO-CFA
//
@inproceedings{might:2010:mcfa,
 author = {Matthew Might and Yannis Smaragdakis and David Van{ }Horn},
 title = {Resolving and exploiting the {k-CFA} paradox: Illuminating functional vs. object-oriented program analysis},
 booktitle = {Proceedings of the International Conference on Programming Language Design and Implementation},
 year = {2010},
 month = {June},
 location = {Toronto, Canada},
 pages = {305-315},
} 




//
// Pushdown Analysis
//
@inproceedings{earl:2010:pushdown,
 author = {Christopher Earl and Matthew Might and David Van{ }Horn},
 title = {Pushdown control-flow analysis of higher-order programs: Precise, polyvariant and polynomial-time},
 booktitle = {Scheme Workshop},
 year = {2010},
 month = {August},
 location = {Montreal, Quebec},
} 



//
// Introspective Pushdown Analysis
//
@inproceedings{earl:2012:introspectivepushdown,
 author = {Christopher Earl and Ilya Sergey and Matthew Might and David Van{ }Horn},
 title = {Introspective Pushdown Analysis of Higher-Order Programs},
 booktitle = {International Conference on Functional Programming},
 year = {2012},
 month = {September},
 location = {Copenhagen, Denmark},
 pages = {177-188},
} 


//
// CFA2
//
@inproceedings{vardoulakis:2010:cfa2,
 author = {Dimitrios Vardoulakis and Olin Shivers},
 title = {{CFA2}: a context-free approach to control-flow analysis},
 booktitle = {Proceedings of the European Symposium on Programming},
 year = {2010},
 pages = {570-589},
 volume = {6012, LNCS},
} 


//
// EigenCFA
//
@inproceedings{might:2010:eigencfa,
 author = {Tarun Prabhu and Shreyas Ramalingam and Matthew Might and Mary Hall},
 title = {{EigenCFA}: Accelerating flow analysis with {GPUs}},
 booktitle = {Proceedings of the Symposium on the Principles of Programming Languages (POPL)},
 year = {2010},
 month = {January},
 location = {Austin, TX},
 pages = {511-522},
} 



//
// Matt Might dissertation
//
@PhDThesis{might:2007:diss,
  author = {Matthew Might},
  title = {Environment Analysis of Higher-Order Languages},
  school = {Georgia Institute of Technology},
  year = {2007},
  address = {Atlanta, GA},
} 



//
// Olin Shivers: Control-flow analysis in scheme
//
@inproceedings{shivers:1988:cfascheme,
  author = {Olin Shivers},
  title = {Control Flow Analysis in Scheme},
  booktitle = {Proceedings of the Conference on Programming Language Design and Implementation},
  year = {1988},
  location = {Atlanta, GA},
  pages = {164-174},
  publisher = {ACM},
  address = {New York, NY},
} 



//
// Olin Shivers: Dissertation
//
@PhDThesis{shivers:1991:diss,
  author = {Olin Shivers},
  title = {Control-Flow Analysis of Higher-Order Languages},
  school = {Carnegie-Mellon University},
  year = {1991},
  month = {May},
  address = {Pittsburgh, PA},
} 









///////////////////////////////////////////////////////////////////////////////////////////////////////////////////////
//				GPU Programming / Analysis on the GPU
///////////////////////////////////////////////////////////////////////////////////////////////////////////////////////



//
//  GPU Implementation of Inclusion-based Points-to Analysis
//
@inproceedings{mendez-lojo:2012:gpupointsto,
 author = {Mario Mendez-Lojo and Martin Burtscher and Keshav Pingali},
 title = {A {GPU} Implementation of Inclusion-based Points-to Analysis},
 booktitle = {Proceedings of the Symposium on Principles and Practice of Parallel Programming},
 year = {2012},
 location = {New Orleans, LA},
 pages = {107-116},
 publisher = {ACM},
 address = {New York, NY},
} 





///////////////////////////////////////////////////////////////////////////////////////////////////////////////////////
//				ABSTRACT INTERPRETATION
///////////////////////////////////////////////////////////////////////////////////////////////////////////////////////



//
// Cartesian Product Algorithm
//
@inproceedings{agesen:1995:cpa,
 author = {Ole Agesen},
 title = {The Cartesian Product Algorithm},
 booktitle = {Proceedings of the European Conference on Object-Oriented Programming},
 year = {1995},
 location = {Arhus, Denmark},
 pages = {226},
} 



//
// CPA beats infinite-CFA
//
@inproceedings{besson:2009:cpa,
  title={{CPA beats $\infty$-CFA}},
  author={Besson, Fr{\'e}d{\'e}ric},
  booktitle={Proceedings of the 11th International Workshop on Formal Techniques for Java-like Programs},
  pages={7},
  year={2009},
  organization={ACM}
}



//
// The p-level expansion algorithm for polyvariant type-inference
//
@inproceedings{oxhoj:1992:p-level,
  title={Making type inference practical},
  author={Oxh{\o}j, Nicholas and Palsberg, Jens and Schwartzbach, Michael I},
  booktitle={ECOOP’92 European Conference on Object-Oriented Programming},
  pages={329--349},
  year={1992},
  organization={Springer}
}



//
// Pick your Contexts Well (Object Polyvariance)
//
@inproceedings{smaragdakis:2011:pickyourcontexts,
 author = {Yannis Smaragdakis and Martin Bravenboer and Ondrej Lhotak},
 title = {Pick Your Contexts Well: Understanding Object-Sensitivity},
 booktitle = {Symposium on Principles of Programming Languages},
 year = {2011},
 month = {January},
 pages = {17-30},
} 


//
// Hybrid Context Sensitivity
//
@inproceedings{kastrinis:2013:hybrid,
  title={Hybrid context-sensitivity for points-to analysis},
  author={Kastrinis, George and Smaragdakis, Yannis},
  booktitle={ACM SIGPLAN Notices},
  volume={48},
  number={6},
  pages={423--434},
  year={2013},
  organization={ACM}
}



//
// Object-sensitivity (original paper)
//
@article{milanova:2005:object-sensitivity,
 author = {Ana Milanova and Atanas Rountev and Barbara G. Ryder},
 title = {Parameterized Object Sensitivity for Points-to Analysis for Java},
 journal = {ACM Transactions on Software Engineering Methodology},
 volume = {14},
 number = {1},
 month = {January},
 year = {2005},
 pages = {1-41},
 publisher = {ACM},
 address = {New York, NY, USA},
}



@article{UF:SPMC,
	acmid = {2049663},
	address = {New York, NY, USA},
	articleno = {1},
	author = {Davis, Timothy A. and Hu, Yifan},
	bdsk-url-1 = {http://doi.acm.org/10.1145/2049662.2049663},
	bdsk-url-2 = {http://dx.doi.org/10.1145/2049662.2049663},
	date-added = {2015-08-05 04:23:20 +0000},
	date-modified = {2015-08-05 04:23:39 +0000},
	doi = {10.1145/2049662.2049663},
	issn = {0098-3500},
	issue_date = {November 2011},
	journal = {ACM Trans. Math. Softw.},
	keywords = {Graph drawing; multilevel algorithms; performance evaluation; sparse matrices},
	month = dec,
	number = {1},
	numpages = {25},
	pages = {1:1--1:25},
	publisher = {ACM},
	title = {{The University of Florida Sparse Matrix Collection}},
	volume = {38},
	year = {2011}
}




                  @inproceedings{nguyen:2014:SCV,
                   author = {Nguyen, Ph\'{u}c C. and Tobin-Hochstadt, Sam and Van Horn, David},
                    title = {Soft Contract Verification},
                     booktitle = {Proceedings of the 19th ACM SIGPLAN International Conference on Functional Programming},
                      series = {ICFP '14},
                       year = {2014},
                        isbn = {978-1-4503-2873-9},
                         location = {Gothenburg, Sweden},
                          pages = {139--152},
                           numpages = {14},
                            url = {http://doi.acm.org/10.1145/2628136.2628156},
                             doi = {10.1145/2628136.2628156},
                              acmid = {2628156},
                               publisher = {ACM},
                                address = {New York, NY, USA},
                                 keywords = {higher-order contracts, symbolic execution},
                                 } 


//
// DOOP (evidence in support of obj-sens)
//
@inproceedings{bravenboer:2009:strictly,
  title={Strictly declarative specification of sophisticated points-to analyses},
  author={Bravenboer, Martin and Smaragdakis, Yannis},
  booktitle={ACM SIGPLAN Notices},
  volume={44},
  number={10},
  pages={243--262},
  year={2009},
  organization={ACM}
}


//
// Supports obj-sens
//
@inproceedings{liang:2005:evaluating,
  title={Evaluating the impact of context-sensitivity on Andersen's algorithm for Java programs},
  author={Liang, Donglin and Pennings, Maikel and Harrold, Mary Jean},
  booktitle={ACM SIGSOFT Software Engineering Notes},
  volume={31},
  number={1},
  pages={6--12},
  year={2005},
  organization={ACM}
}


//
// Supports obj-sens
//
@book{naik:2006:effective,
  title={Effective static race detection for Java},
  author={Naik, Mayur and Aiken, Alex and Whaley, John},
  volume={41},
  number={6},
  year={2006},
  publisher={ACM}
}


// 
// Program Analysis using BDDs (also supports obj-sens)
//
@phdthesis{lhotak:2006:program,
  title={Program analysis using binary decision diagrams},
  author={Lhot{\'a}k, Ondrej},
  year={2006},
  school={McGill University}
}


//
// Context sensitive points-to analysis: is it worth it? (Yes! Supports obj-sens)
//
@inproceedings{lhotak:2006:context,
  title={Context-sensitive points-to analysis: is it worth it?},
  author={Lhot{\'a}k, Ond{\v{r}}ej and Hendren, Laurie},
  booktitle={Compiler Construction},
  pages={47--64},
  year={2006},
  organization={Springer}
}


//
// Supports obj-sens
//
@article{lhotak:2008:evaluating,
  title={Evaluating the benefits of context-sensitive points-to analysis using a BDD-based implementation},
  author={Lhot{\'a}k, Ond{\v{r}}ej and Hendren, Laurie},
  journal={ACM Transactions on Software Engineering and Methodology (TOSEM)},
  volume={18},
  number={1},
  pages={3},
  year={2008},
  publisher={ACM}
}



//
// Path/Flow-sensitivity tech report
//
@TECHREPORT{marlowe:1995:flow-sensitivity,
    author = {Thomas J. Marlowe and Barbara G. Ryder and Michael G. Burke},
    title = {Defining Flow Sensitivity in Data Flow Problems},
    institution = {IBM T. J. Watson Research Center},
    year = {1995}
} 


//
// Unified Treatment of Flow Analysis
//
@inproceedings{jagannathan:1995:unifiedtreatment,
 author = {Suresh Jagannathan and Stephen Weeks},
 title = {A Unified Treatment of Flow Analysis in Higher-Order Languages},
 booktitle = {Proceedings of the Symposium on Principles of Programming Languages},
 year = {1995},
 month = {January},
 pages = {393-407},
} 



//
// Type-directed flow analysis for typed intermediate languages
//
@inproceedings{jagannathan:1997:typedirected,
  title={Type-directed flow analysis for typed intermediate languages},
  author={Jagannathan, Suresh and Weeks, Stephen and Wright, Andrew},
  booktitle={International Static Analysis Symposium},
  pages={232--249},
  year={1997},
  organization={Springer}
}



//
// Widening for control-flow
//
@inproceedings{hardekopf:2014:widening,
  title={Widening for control-flow},
  author={Hardekopf, Ben and Wiedermann, Ben and Churchill, Berkeley and Kashyap, Vineeth},
  booktitle={Verification, Model Checking, and Abstract Interpretation},
  pages={472--491},
  year={2014},
  organization={Springer}
}



//
// Polymorphic Splitting
//
@inproceedings{wright:1998:polymorphicsplitting,
 author = {Andrew K. Wright and Suresh Jagannathan},
 title = {Polymorphic splitting: An effective polyvariant flow analysis},
 booktitle = {Proceedings of the ACM Transactions on Programming Languages and Systems},
 year = {1998},
 month = {January},
 pages = {166-207},
} 


//
// Unified Lattice Model / Abstract Interpretation 1977
//
@inproceedings{cousot:1977:unifiedlatticemodel,
   author = {Patrick Cousot and Radhia Cousot},
   title = {Abstract interpretation: a unified lattice model for static analysis of programs by construction or approximation of fixpoints},
   pages = {238-252},
   booktitle = {Proceedings of the Symposium on Principles of Programming Languages},
   address = {Los Angeles, CA},
   publisher = {ACM Press, New York},
   year = {1977},
}


//
// Cousot Type Unions
//
@inproceedings{cousot:1977:typeunions,
  title={Static determination of dynamic properties of generalized type unions},
  author={Cousot, Patrick and Cousot, Radhia},
  booktitle={ACM SIGPLAN Notices},
  volume={12},
  number={3},
  pages={77--94},
  year={1977},
  organization={ACM}
}


//
// Automatic synthesis of optimal / Abstract Interpretation early work
//
@article{cousot:1977:automatic,
  title={Automatic synthesis of optimal invariant assertions: Mathematical foundations},
  author={Cousot, Patrick and Cousot, Radhia},
  journal={ACM Sigplan Notices},
  volume={12},
  number={8},
  pages={1--12},
  year={1977},
  publisher={ACM}
}


//
// Static determination of dynamic properties of programs (widening)
//
@inproceedings{cousot:1976:staticdetermination,
   author = {Patrick Cousot and Radhia Cousot},
   title = {Static determination of dynamic properties of programs},
   pages = {106-130},
   booktitle = {Proceedings of the Second International Symposium on Programming},
   publisher = {Paris, France},
   year = {1976},
}


//
// Comparing the Galois connection and Widening/Narrowing approaches to abstract interpretation
//
@inproceedings{cousot:1992:widening,
   author = {Patrick Cousot and Radhia Cousot},
   title = {Comparing the {Galois} Connection and Widening/Narrowing Approaches to Abstract Interpretation, invited paper},
   pages = {269-295},
   booktitle = {Proceedings of the International Workshop on Programming Language Implementation and Logic Programming},
   series = {Leuven, Belgium, 13-17 August 1992, Lecture Notes in Computer Science 631},
   publisher = {Springer-Verlag, Berlin, Germany},
   year = {1992},
}


//
// Types as abstract interpretations
//
@inproceedings{cousot:1997:types,
  title={Types as abstract interpretations},
  author={Cousot, Patrick},
  booktitle={Proceedings of the 24th ACM SIGPLAN-SIGACT symposium on Principles of programming languages},
  pages={316--331},
  year={1997},
  organization={ACM}
}


//
// Sharir: two approaches for data-flow analysis (a seminal work on polyvariance)
//
@article{sharir:1981:twoapproaches,
  title={Two approaches to interprocedural data flow analysis},
  author={Micha Sharir and Amir Pnueli},
  journal={Program flow analysis: Theory and applications},
  pages = {189-234},
  year={1981}
}



//
// Harrison: Interprocedural analysis and automatic parallelizatin of scheme (applies regular expression call-histories to analyze scheme) 
//
@article{harrison:1989:interprocedural,
  title={The interprocedural analysis and automatic parallelization of {Scheme} programs},
  author={Williams Ludwell Harrison},
  journal={Lisp and Symbolic Computation},
  OPTvolume={2},
  OPTnumber={3-4},
  OPTpages={179-396},
  year={1989},
}



//
// Palsberg
//
@article{palsberg:2001:polyvariant,
  title={From polyvariant flow information to intersection and union types},
  author={Jens Palsberg and Christina Pavlopoulou},
  journal={Journal of functional programming},
  volume={11},
  number={03},
  pages={263-317},
  year={2001},
  publisher={Cambridge University Press}
}


//
// A modular type-based closure analysis (polyvariant type system)
//
@inproceedings{banerjee:1997:modular,
  title={A modular, polyvariant and type-based closure analysis},
  author={Banerjee, Anindya},
  booktitle={ACM SIGPLAN Notices},
  volume={32},
  number={8},
  pages={1--10},
  year={1997},
  organization={ACM}
}


//
// Translating polyvariant flows and types
//
@incollection{amtoft:2000:faithful,
  title={Faithful translations between polyvariant flows and polymorphic types},
  author={Amtoft, Torben and Turbak, Franklyn},
  booktitle={Programming Languages and Systems},
  pages={26--40},
  year={2000},
  publisher={Springer}
}


//
// Polyvariant type and effect system
//
@inproceedings{holdermans:2010:polyvariant,
  title={Polyvariant flow analysis with higher-ranked polymorphic types and higher-order effect operators},
  author={Holdermans, Stefan and Hage, Jurriaan},
  booktitle={ACM Sigplan Notices},
  volume={45},
  number={9},
  pages={63--74},
  year={2010},
  organization={ACM}
}


//
// Extended Abstract: polyvariant cardinality analysis
//
@inproceedings{verstoep:2015:polyvariant,
  title={Polyvariant Cardinality Analysis for Non-strict Higher-order Functional Languages: Brief Announcement},
  author={Verstoep, Hidde and Hage, Jurriaan},
  booktitle={Proceedings of the 2015 Workshop on Partial Evaluation and Program Manipulation},
  pages={139--142},
  year={2015},
  organization={ACM}
}


//
// Type-based polyvariant exception analysis 
//
@inproceedings{koot:2015:exception,
  title={Type-based Exception Analysis for Non-strict Higher-order Functional Languages with Imprecise Exception Semantics},
  author={Koot, Ruud and Hage, Jurriaan},
  booktitle={Proceedings of the 2015 Workshop on Partial Evaluation and Program Manipulation},
  pages={127--138},
  year={2015},
  organization={ACM}
}


//
// Polyvariant flow analysis with constrained types (mentions CPA as 'polyvariant')
//
@incollection{smith:2000:polyvariant,
  title={Polyvariant flow analysis with constrained types},
  author={Smith, Scott F and Wang, Tiejun},
  booktitle={Programming Languages and Systems},
  pages={382--396},
  year={2000},
  publisher={Springer}
}


//
// Jan Midtgaard's excellent survey of CFA
//
@Article{midtgaard:2012:cfa,
  author = "Jan Midtgaard",
  title = "Control-flow analysis of functional programs",
  journal = "{ACM} Computing Surveys",
  year = {2012},
  volume = {44},
  number = {3},
  pages = {10:1-10:33},
  month = {Jun}
}



//
// Jones: a flexible approach to interprocedural data-flow analysis ... (more seminal work on polyvariance)
//
@inproceedings{jones:1982:flexible,
  title={A flexible approach to interprocedural data flow analysis and programs with recursive data structures},
  author={Neil D. Jones and Steven S. Muchnick},
  booktitle={Symposium on principles of programming languages},
  pages={66-74},
  year={1982},
  OPTorganization={ACM}
}


//
// Principles of program analysis Book
//
@book{nielson:2004:principles,
  title={Principles of program analysis},
  author={Nielson, Flemming and Nielson, Hanne R and Hankin, Chris},
  year={2004},
  publisher={Springer}
}



//
// Systematic Design of Program Analysis Frameworks / Abstract Interpretation 1979
//
@inproceedings{cousot:1979:systematicdesign,
   author = {Patrick Cousot and Radhia Cousot},
   title = {Systematic design of program analysis frameworks},
   pages = {269-282},
   booktitle = {Proceedings of the Symposium on Principles of Programming Languages},
   address = {San Antonio, TX},
   publisher = {ACM Press, New York},
   year = {1979},
}



//
// Must alias: single and loving it
//
@inproceedings{jagannathan:1998:single,
  title={Single and loving it: Must-alias analysis for higher-order languages},
  author={Suresh Jagannathan and Peter Thiemann and Stephen Weeks and Andrew Wright},
  booktitle={Proceedings of the symposium on Principles of programming languages},
  pages={329-341},
  year={1998},
  organization={ACM}
}


//
// Michael adams, sub0-cfa
//
@phdthesis{adams:2011:diss,
  author = {Michael D. Adams},
  title = {Flow-Sensitive Control-Flow Analysis in Linear-Log Time},
  school = {Indiana University},
  year = {2011},
  isbn = {978-1-267-07777-6},
}


//
// Sub 0 cfa in linear log time
//
@inproceedings{adams:2011:subzero,
  title={Flow-sensitive sub-zero control-flow analysis in linear-log time},
  author={Adams, Michael D and Keep, Andrew W and Midtgaard, Jan and Might, Matthew and Chauhan, Arun and Dybvig, R Kent},
  booktitle={Proceedings of the 2011 ACM international conference on Object oriented programming systems languages and applications},
  pages={483--498},
  year={2011},
  organization={Citeseer},
}



// Deciding that k-CFA is complete for EXPTIME
@article{vanhorn:2008:exptime,
  title={Deciding {k-CFA} is complete for {EXPTIME}},
  author={David Van{ }Horn and Harry G. Mairson},
  journal={ACM Sigplan Notices},
  volume={43},
  number={9},
  pages={275-282},
  year={2008},
  publisher={ACM},
}



// Tarski Fixpoint theorem
@article{tarski:1955:fixpoint,
  author = "Alfred Tarski",
  journal = "Pacific Journal of Mathematics",
  number = "2",
  pages = "285-309",
  publisher = "Pacific Journal of Mathematics, A Non-profit Corporation",
  title = "A lattice-theoretical fixpoint theorem and its applications",
  volume = "5",
  year = "1955"
}


//
// Gratzer: General Lattice Theory
//
@book{gratzer:2003:general-lattice-theory,
  title={General lattice theory},
  author={Gr{\"a}tzer, George},
  year={2003},
  publisher={Springer},
  pages="250",
}




//
// VanHorn Dissertation The Complexity of Flow Analysis in Higher-order Languages
//
@PhdThesis{vanhorn:2009:diss,
  author    = {David Van{ }Horn},
  title     = {The Complexity of Flow Analysis in Higher-Order Languages},
  school    = {Mitchom School of Computer Science, Brandeis University},
  year      = {2009},
  month     = {August},
  address   = {Boston, MA},
}



//
// Hudak: A semantic model of reference counting in abstract interpretations
//
@inproceedings{hudak:1986:refcounting,
  title={A semantic model of reference counting and its abstraction (detailed summary)},
  author={Hudak, Paul},
  booktitle={Proceedings of the 1986 ACM conference on LISP and functional programming},
  pages={351-363},
  year={1986},
  organization={ACM}
}


//
// Monadic abstract interpreters
//
@inproceedings{sergey:2013:monadic,
  title={Monadic abstract interpreters},
  author={Sergey, Ilya and Devriese, Dominique and Might, Matthew and Midtgaard, Jan and Darais, David and Clarke, Dave and Piessens, Frank},
  booktitle={ACM SIGPLAN Notices},
  volume={48},
  number={6},
  pages={399--410},
  year={2013},
  organization={ACM}
}





///////////////////////////////////////////////////////////////////////////////////////////////////////////////////////
//				COMPILERS AND LANGUAGES
///////////////////////////////////////////////////////////////////////////////////////////////////////////////////////



//
// Structural operational semantics seminal paper
//
@article{plotkin:1981:structural,
  title={A structural approach to operational semantics},
  author={Plotkin, Gordon D},
  year={1981},
  publisher={DAIMI Arhus, Denmark}
}


//
// Book on Structural Operational Semantics (first appearance of the term small-step?)
//
@book{hennessy:1990:semantics,
  title={The semantics of programming languages: an elementary introduction using structural operational semantics},
  author={Hennessy, Matthew},
  year={1990},
  publisher={John Wiley \& Sons}
}


//
// Book on Formal Semantics (talks about small-step SOS)
//
@book{winskel:1993:formalsemantics,
  title={The formal semantics of programming languages: an introduction},
  author={Winskel, Glynn},
  year={1993},
  publisher={MIT press}
}


//
// Natural operational semantics seminal paper (big step)
//
@book{kahn:1987:natural,
  title={Natural Semantics},
  author={Kahn, Gilles},
  year={1987},
  publisher={Springer}
}


//
// Racket-lang website
//
@misc{racket,
  author = {{Racket Community}},
  title = {Racket Programming Language},
  year = 2015,
  url = {http://racket-lang.org/},
  urldate = {2015-08-20}
}


//
// Compiling with Continuations, continued
//
@inproceedings{kennedy:2007:ccc,
 author = {Andrew Kennedy},
 title = {Compiling with Continuations, Continued},
 booktitle = {Proceedings of the International Conference on Functional Programming},
 year = {2007},
 location = {Freiburg, Germany},
 pages = {177-190},
 publisher = {ACM},
 address = {New York, NY},
}



//
// Notions of computation and monads
//
@article{moggi:1991:notions,
 author = {Eugenio Moggi},
 title = {Notions of Computation and Monads},
 journal = {Inf. Comput.},
 volume = {93},
 number = {1},
 month = {july},
 year = {1991},
 issn = {0890-5401},
 pages = {55--92},
 numpages = {38},
 doi = {10.1016/0890-5401(91)90052-4},
 publisher = {Academic Press, Inc.},
 address = {Duluth, MN, USA},
} 



//
// The essence of compiling with continuations (ANF seminal paper)
//  
@inproceedings{flanagan:1993:essence,
  title={The essence of compiling with continuations},
  author={Cormac Flanagan and Amr Sabry and Bruce F. Duba and Matthias Felleisen},
  booktitle={ACM Sigplan Notices},
  volume={28},
  pages={237--247},
  year={1993},
  organization={ACM},
}


//
// A new one-pass transformation into monadic normal form (ANF / Monadic-normal-form)
//
@inproceedings{danvy:2003:monadic-normal-form,
  title={A new one-pass transformation into monadic normal form},
  author={Danvy, Olivier},
  booktitle={Compiler Construction},
  pages={77--89},
  year={2003},
  organization={Springer}
}



//
// Compiling with Continuations
//
@book{appel:2007:cc,
  author = {Andrew W. Appel},
  isbn = {052103311X},
  month = {February},
  pages = {272},
  publisher = {Cambridge University Press},
  title = {Compiling with Continuations},
  year = {2007},
}



//
// CESK machines
//
@inproceedings{felleisen:1987:cesk,
 author = {Mattias Felleisen and Daniel P. Friedman},
 title = {A Calculus for Assignments in Higher-order Languages},
 booktitle = {Proceedings of the Symposium on Principles of Programming Languages},
 year = {1987},
 location = {Munich, Germany},
 pages = {314},
 publisher = {ACM},
 address = {New York, NY},
} 



//
// The first presentation of CPS among other ideas
//
@inproceedings{plotkin:1975:cps,
 author = {G. D. Plotkin},
 title = {Call-by-name, call-by-value and the lambda-calculus},
 booktitle = {Theoretical Computer Science 1},
 year = {1975},
 pages = {125-159},
} 



//
// A tested semantics for ECMAScript5
//
@inproceedings{politz:2012:s5-semantics,
  author = {Joe Gibbs Politz and Matthew J. Carroll and Benjamin S. Lerner and Shriram Krishnamurthi},
  title = {A Tested Semantics for Getters, Setters, and Eval in JavaScript},
  year = 2012,
  booktitle = {Proceedings of the Dynamic Languages Symposium}
}



//
// Type Checking for Javascript
//
@inproceedings{anderson:2004:jstypechecking,
    author = {Christopher Anderson and Paola Giannini},
    title = {Type checking for Javascript},
    booktitle = {In volume WOOD of Electronic Notes in Theoretical Computer Science},
    year = {2004}
}


// 
// Instrumenting JS for security
//
@inproceedings{yu:2007:jsinstrumentation,
 author = {Dachuan Yu and Ajay Chander and Nayeem Islam and Igor Serikov},
 title = {JavaScript Instrumentation for Browser Security},
 booktitle = {Proceedings of the Symposium on Principles of Programming Languages},
 year = {2007},
 location = {Nice, France},
 pages = {237-249},
 publisher = {ACM},
 address = {New York, NY},
} 



//
// Essence of Javascript: Lambda_JS
//
@inproceedings{guha:2010:jsessence,
 author = {Arjun Guha and Claudiu Saftoiu and Shriram Krishnamurthi},
 title = {The Essence of Javascript},
 booktitle = {Proceedings of the European Conference on Object-oriented Programming},
 year = {2010},
 location = {Maribor, Slovenia},
 pages = {126-150},
 address = {Berlin, Heidelberg},
} 



//
// Semantics of Python 3.3
//
@mastersthesis{guth:2013:thesis,
    author = "Dwight Guth",
    school = "University of Illinois at Urbana-Champaign",
    month = "July",
    year = "2013",
    title = "A Formal Semantics of Python 3.3",
}



//
// Executable operational semantics for Python
//
@mastersthesis{smeding:2009:thesis,
    author = "Gideon Joachim Smeding",
    school = "Universiteit Utrecht",
    month = "January",
    year = "2009",
    title = "An executable operational semantics for Python",
}



//
// Semantics of Python in Isabelle/HOL
//
@techreport{ranson:2008:pythonisabelle,
  AUTHOR = {James F. Ranson and Howard J. Hamilton and Philip W.L. Fong},
  TITLE = {A Semantics of {Python} in {Isabelle/HOL}},
  NUMBER = {CS-2008-04},
  INSTITUTION = {Department of Computer Science, University of Regina},
  ADDRESS = {Regina, Saskatchewan},
  MONTH = {December},
  YEAR  = {2008},
}



//
// ECMAScript 5.1 Spec
// http://www.ecma-international.org/ecma-262/5.1/
@book{ecmascript5,
  author = {ECMA},
  edition = {5.1},
  month = {June},
  title = {ECMA-262 (ECMAScript Specification)},
  year = {2011},
  publisher = {ECMA},
}













///////////////////////////////////////////////////////////////////////////////////////////////////////////////////////
//				Auto-tuning and the Polyhedral model
///////////////////////////////////////////////////////////////////////////////////////////////////////////////////////



//
// Auto-tuning framework for compiler optimization
// 
@inproceedings{tiwari:2009:autotuningframework,
    author = {Ananta Tiwari and Chun Chen and Jacqueline Chame and Mary Hall and Jeffrey K. Hollingsworth},
    title = {A scalable auto-tuning framework for compiler optimization},
    booktitle = {In Proceedings of the Parallel And Distributed Computing Symposium},
    year = {2009},
}


//
// Loop-transformation recipes for code generation and auto-tuning
// 
@inproceedings{hall:2010:looprecipes,
    author = {Mary Hall and Jacqueline Chame and Chun Chen and Jaewook Shin and Gabe Rudy and Malik Murtaza Khan},
    title = {Loop Transformation Recipes for Code Generation and Auto-tuning},
    booktitle = {Workshop on Languages and Compilers for Parallel Computing},
    year = {2010},
    pages = {50-64},
}



//
// GRAPHITE: Polyhedral analyses and optimizations for GCC
//
@inproceedings{pop:2006:graphite,
    author = {Sabastian Pop and Albert Cohen and Cedric Bastoul and Sylvain Girbal and Georges-Andre Silber and Nicolas Vasilache},
    title = {GRAPHITE: Polyhedral analyses and optimizations for GCC},
    booktitle = {Proceedings of the GCC Developers Summit},
    year = {2006},
    month = {June},
}



//
// Iterative Optimization in the Polyhedral Model (thesis)
//
@PhDThesis{pouchet:2010:diss,
 author = {Louis-Noel Pouchet},
 title = {Iterative Optimization in the Polyhedral Model},
 school = {Inria University},
 year = {2010},
 address = {},
} 




///////////////////////////////////////////////////////////////////////////////////////////////////////////////////////
//				Model Checking / Symbolic Program Verification
///////////////////////////////////////////////////////////////////////////////////////////////////////////////////////



//
// Model checking and Existential Abstraction
//
@inproceedings{clarke:1992:modelcheckingabstraction,
 author = {Edmund M. Clarke and Orna Grumberg and David E. Long},
 title = {Model Checking and Abstraction},
 booktitle = {Proceedings of the Symposium on Principles of Programming Languages},
 year = {1992},
 location = {Albuquerque, NM},
 pages = {343-354},
 publisher = {ACM},
 address = {New York, NY},
} 



//
// Counter example guided abstraction refinement (CEGAR)
//
@inproceedings{clarke:2000:cegar,
 author = {Edmund M. Clarke and Orna Grumberg and Somesh Jha and Helmut Veith},
 title = {Counterexample-guided Abstraction Refinement},
 booktitle = {Proceedings of Computer Aided Verification},
 year = {2000},
 location = {Chicago, IL},
 pages = {154-169},
 publisher = {ACM},
} 



//
// CEGAR for symbolic model checking (simple elaboration on CEGAR)
//
@article{clarke:2003:cegar2,
 author = {Edmund M. Clarke and Orna Grumberg and Somesh Jha and Yuan Lu and Helmut Veith},
 title = {Counterexample-guided Abstraction Refinement for Symbolic Model Checking},
 month = {September},
 year = {2003},
 pages = {752-794},
 publisher = {ACM},
 address = {New York, NY},
} 



//
// Temporal Logic Model Checking
//
@article{clarke:1986:temporallogic,
 author = {Clarke, E. M. and Emerson, E. A. and Sistla, A. P.},
 title = {Automatic Verification of Finite-state Concurrent Systems Using Temporal Logic Specifications},
 month = {April},
 year = {1986},
 pages = {244-263},
 publisher = {ACM},
 address = {New York, NY},
} 



//
// Complexity of Temporal Logic Model Checking
//
@inproceedings{schnoebelen:2002:complexity,
 author = {Philippe Schnoebelen},
 title = {Complexity of Temporal Logic Model Checking},
 booktitle = {Advances in Modal Logic, Volume 4},
 year = {2002},
 pages = {1-44},
 publisher = {World Scientific Publishing},
 address = {Singapore},
} 


//
// Bottom-up beats top-down for datalog
//
@inproceedings{ullman:1989:bottomup,
  title={Bottom-up beats top-down for datalog},
  author={Ullman, Jeffrey D},
  booktitle={Proceedings of the eighth ACM SIGACT-SIGMOD-SIGART symposium on Principles of database systems},
  pages={140--149},
  year={1989},
  organization={ACM}
}


@inproceedings{whaley:2005:bddbddb,
  title={Using datalog with binary decision diagrams for program analysis},
  author={Whaley, John and Avots, Dzintars and Carbin, Michael and Lam, Monica S},
  booktitle={Asian Symposium on Programming Languages and Systems},
  pages={97--118},
  year={2005},
  organization={Springer}
}


@inproceedings{scholz:2016:souffle,
  title={On fast large-scale program analysis in datalog},
  author={Scholz, Bernhard and Jordan, Herbert and Suboti{\'c}, Pavle and Westmann, Till},
  booktitle={Proceedings of the 25th International Conference on Compiler Construction},
  pages={196--206},
  year={2016},
  organization={ACM}
}
	    









///////////////////////////////////////////////////////////////////////////////////////////////////////////////////////
//				High-Performance Computing
///////////////////////////////////////////////////////////////////////////////////////////////////////////////////////


//
// Survey of general-purpose computation on graphics hardware
//
@inproceedings{owens:2007:survey,
 author = {John D. Owens and David Luebke and Naga Govindaraju and Mark Harris and Jens Kruger and Aaron Lefohn and Timothy J. Purcell},
 title = {A survey of General-purpose Computation on Graphics Hardware},
 booktitle = {Computer Graphics Forum},
 year = {2007},
 pages = {80--113},
 volume = {26},
 number = {1},
} 

@inproceedings{OptSPMV:2000,
  author = {Im, Eun-jin and Im, Eun-jin and Yelick, Katherine and Yelick, Katherine},
  booktitle = {{First SIAM Conf. on Data Mining}},
  date-added = {2015-08-03 19:40:02 +0000},
  title = {{Optimization of Sparse Matrix Kernels for Data Mining}},
  year = {2000}
}


@incollection{Gilbert:2007:HPGS,
	author = {Gilbert, JohnR. and Reinhardt, Steve and Shah, ViralB.},
	bdsk-url-1 = {http://dx.doi.org/10.1007/978-3-540-75755-9\_32},
	booktitle = {{Applied Parallel Computing. State of the Art in Scientific Computing}},
	date-added = {2015-08-03 19:40:02 +0000},
	date-modified = {2015-08-03 19:40:02 +0000},
	editor = {K{\aa}gstr\"{o}m, Bo and Elmroth, Erik and Dongarra, Jack and Wa\'{s}niewski, Jerzy},
	isbn = {978-3-540-75754-2},
	language = {English},
	pages = {260--269},
	publisher = {Springer Berlin Heidelberg},
	series = {{Lecture Notes in Computer Science}},
	title = {{High-Performance Graph Algorithms from Parallel Sparse Matrices}},
	volume = {4699},
	year = {2007}
}


@book{Saad:2003:IMS,
	address = {Philadelphia, PA, USA},
	author = {Saad, Y.},
	bdsk-url-1 = {Saad:2003:IMS},
	date-added = {2015-08-03 19:40:02 +0000},
	date-modified = {2015-08-03 19:40:02 +0000},
	edition = {2nd},
	isbn = {0898715342},
	publisher = {Society for Industrial and Applied Mathematics},
	title = {{Iterative Methods for Sparse Linear Systems}},
	url = {Saad:2003:IMS},
	year = {2003}
}

@inproceedings{Avron:2012:MDE,
	acmid = {2389134},
	address = {Los Alamitos, CA, USA},
	articleno = {102},
	author = {Avron, Haim and Gupta, Anshul},
	bdsk-url-1 = {http://dl.acm.org/citation.cfm?id=2388996.2389134},
	booktitle = {{Proceedings of the International Conference on High Performance Computing, Networking, Storage and Analysis}},
	date-added = {2015-08-05 04:41:52 +0000},
	date-modified = {2015-08-05 04:42:26 +0000},
	isbn = {978-1-4673-0804-5},
	location = {Salt Lake City, Utah},
	numpages = {11},
	pages = {102:1--102:11},
	publisher = {IEEE Computer Society Press},
	series = {{SC '12}},
	title = {{Managing Data-movement for Effective Shared-memory Parallelization of Out-of-core Sparse Solvers}},
	year = {2012}
}


@inproceedings{Gupta:2009:SMF,
	acmid = {1654061},
	address = {New York, NY, USA},
	articleno = {1},
	author = {Gupta, Anshul and Koric, Seid and George, Thomas},
	bdsk-url-1 = {http://doi.acm.org/10.1145/1654059.1654061},
	bdsk-url-2 = {http://dx.doi.org/10.1145/1654059.1654061},
	booktitle = {{Proceedings of the Conference on High Performance Computing Networking, Storage and Analysis}},
	date-added = {2015-08-05 04:22:33 +0000},
	date-modified = {2015-08-05 04:22:45 +0000},
	doi = {10.1145/1654059.1654061},
	isbn = {978-1-60558-744-8},
	keywords = {error correction; last-level caches; reliability; soft error},
	location = {Portland, Oregon},
	numpages = {12},
	pages = {1:1--1:12},
	publisher = {ACM},
	series = {{SC '09}},
	title = {{Sparse Matrix Factorization on Massively Parallel Computers}},
	year = {2009}
}


@article{Bell-AMG,
	author = {Bell, Nathan and Dalton, Steven and Olson, Luke N.},
	journal = {SIAM Journal on Scientific Computing},
	title = {{Exposing Fine-Grained Parallelism in Algebraic Multigrid Methods}},
	year = {2012}
}



@inproceedings{Greathouse:2014,
	acmid = {2683678},
	address = {Piscataway, NJ, USA},
	author = {Greathouse, Joseph L. and Daga, Mayank},
	bdsk-url-1 = {http://dx.doi.org/10.1109/SC.2014.68},
	booktitle = {{Proceedings of the International Conference for High Performance Computing, Networking, Storage and Analysis}},
	date-added = {2015-08-03 19:40:02 +0000},
	date-modified = {2015-08-03 22:20:14 +0000},
	doi = {10.1109/SC.2014.68},
	isbn = {978-1-4799-5500-8},
	keywords = {AMD; compressed sparse row (CSR); general purpose computation on graphics processing units (GPGPU); performance acceleration; sparse matrix-vector multiplication (SpMV)},
	location = {New Orleans, Louisana},
	numpages = {12},
	pages = {769--780},
	publisher = {IEEE Press},
	series = {{SC '14}},
	title = {{Efficient Sparse Matrix-vector Multiplication on GPUs Using the CSR Storage Format}},
	year = {2014}
}


@inproceedings{Garland:2008,
	acmid = {1391473},
	address = {New York, NY, USA},
	author = {Garland, Michael},
	bdsk-url-1 = {http://doi.acm.org/10.1145/1391469.1391473},
	bdsk-url-2 = {http://dx.doi.org/10.1145/1391469.1391473},
	booktitle = {{Proceedings of the 45th Annual Design Automation Conference}},
	date-added = {2015-08-03 19:40:02 +0000},
	date-modified = {2015-08-03 22:16:57 +0000},
	doi = {10.1145/1391469.1391473},
	isbn = {978-1-60558-115-6},
	keywords = {GPU computing; data-parallel algorithms; parallel programming; shortest path algorithms; sparse matrix-vector multiplication},
	location = {Anaheim, California},
	numpages = {5},
	pages = {2--6},
	publisher = {ACM},
	series = {{DAC '08}},
	title = {{Sparse Matrix Computations on Manycore GPU's}},
	year = {2008}
}

@article{Garland:2010:UTA,
	acmid = {1839694},
	address = {New York, NY, USA},
	author = {Garland, Michael and Kirk, David B.},
	date-added = {2015-08-03 19:40:02 +0000},
	date-modified = {2015-08-03 19:40:02 +0000},
	issn = {0001-0782},
	issue_date = {November 2010},
	journal = {Commun. ACM},
	month = nov,
	number = {11},
	numpages = {9},
	pages = {58--66},
	publisher = {ACM},
	title = {{Understanding Throughput-oriented Architectures}},
	volume = {53},
	year = {2010}
}


@inproceedings{Bell:SpMV:SC:2009,
	address = {New York, NY, USA},
	author = {Bell, Nathan and Garland, Michael},
	bdsk-url-1 = {http://dx.doi.org/10.1145/1654059.1654078},
	booktitle = {{SC '09: Proceedings of the Conference on High Performance Computing Networking, Storage and Analysis}},
	date-added = {2015-08-03 19:40:02 +0000},
	date-modified = {2015-08-03 19:40:02 +0000},
	doi = {10.1145/1654059.1654078},
	isbn = {978-1-60558-744-8},
	location = {Portland, Oregon},
	pages = {1--11},
	publisher = {ACM},
	title = {{Implementing sparse matrix-vector multiplication on throughput-oriented processors}},
	year = {2009}
}

@misc{Nvidia:Cusp,
	author = {Bell, Nathan and Garland, Michael},
	bdsk-url-1 = {http://cusp-library.googlecode.com},
	date-added = {2015-08-03 19:40:02 +0000},
	date-modified = {2015-08-03 22:18:45 +0000},
	note = {Version 0.3.0},
	title = {{Cusp: Generic Parallel Algorithms for Sparse Matrix and Graph Computations}},
	year = {2012}
}

@manual{OpenCL,
	author = {{Khronos Group}},
	citeulike-article-id = {8976946},
	date-added = {2015-08-03 19:40:02 +0000},
	date-modified = {2015-08-03 19:40:02 +0000},
	keywords = {pf},
	month = sep,
	posted-at = {2011-03-10 14:53:16},
	priority = {2},
	title = {{The OpenCL Specification}},
	year = {2011}
}

@techreport{MS:spmv:tech,
	abstract = {In this paper, we investigate the relative merits between GPGPUs and multicores in the context of sparse matrix-vector multiplication (SpMV). While GPGPUs possess impressive capabilities in terms of raw compute throughput and memory bandwidth, their performance varies significantly with application tuning as well as sparse input and format characteristics. Furthermore, several emerging technological and workload trends potentially shift the balance in favor towards the multicore, especially in the context of bandwidth-limited workloads. In light of these trends, our paper investigates the performance, power, and cost of state-of-the-art GPGPUs and multicores across a spectrum of sparse inputs. Our results reinforce some current-day understandings of GPGPUs and multicores while offering new insights on their relative merits in the context of future systems.},
	author = {Davis, John D. and Chung, Eric S.},
	bdsk-url-1 = {http://research.microsoft.com/apps/pubs/default.aspx?id=172749},
	date-added = {2015-08-03 19:40:02 +0000},
	date-modified = {2015-08-03 22:18:54 +0000},
	month = {September},
	number = {MSR-TR-2012-95},
	publisher = {Microsoft Technical Report},
	title = {{SpMV: A Memory-Bound Application on the GPU Stuck Between a Rock and a Hard Place}},
	year = {2012}
}


@incollection{AutotuneSPMV-GPU,
	author = {Monakov, Alexander and Lokhmotov, Anton and Avetisyan, Arutyun},
	bdsk-url-1 = {http://dx.doi.org/10.1007/978-3-642-11515-8\_10},
	booktitle = {{High Performance Embedded Architectures and Compilers}},
	date-added = {2015-08-03 19:40:02 +0000},
	date-modified = {2015-08-03 19:40:02 +0000},
	editor = {Patt, YaleN. and Foglia, Pierfrancesco and Duesterwald, Evelyn and Faraboschi, Paolo and Martorell, Xavier},
	isbn = {978-3-642-11514-1},
	language = {English},
	pages = {111--125},
	publisher = {Springer Berlin Heidelberg},
	series = {{Lecture Notes in Computer Science}},
	title = {{Automatically Tuning Sparse Matrix-Vector Multiplication for GPU Architectures}},
	volume = {5952},
	year = {2010}
}


@inproceedings{Su:2012:clSpMV,
	acmid = {2304624},
	address = {New York, NY, USA},
	author = {Su, Bor-Yiing and Keutzer, Kurt},
	bdsk-url-1 = {http://doi.acm.org/10.1145/2304576.2304624},
	bdsk-url-2 = {http://dx.doi.org/10.1145/2304576.2304624},
	booktitle = {{Proceedings of the 26th ACM International Conference on Supercomputing}},
	date-added = {2015-08-03 19:40:02 +0000},
	date-modified = {2015-08-03 22:18:19 +0000},
	doi = {10.1145/2304576.2304624},
	isbn = {978-1-4503-1316-2},
	keywords = {GPU; OpenCL; SpMV; autotuner; clSpMV; cocktail format; sparse matrix format},
	location = {San Servolo Island, Venice, Italy},
	numpages = {12},
	pages = {353--364},
	publisher = {ACM},
	series = {{ICS '12}},
	title = {{clSpMV: A Cross-Platform OpenCL SpMV Framework on GPUs}},
	year = {2012}
}


@phdthesis{Vuduc:2003,
	author = {Vuduc, Richard Wilson},
	date-added = {2015-08-03 19:40:02 +0000},
	date-modified = {2015-08-03 19:40:02 +0000},
	note = {AAI3121741},
	publisher = {University of California, Berkeley},
	title = {{Automatic Performance Tuning of Sparse Matrix Kernels}},
	year = {2003}
}


@techreport{Bell:SpMV:NVIDIA:2008,
	author = {Bell, Nathan and Garland, Michael},
	date-added = {2015-08-03 19:40:02 +0000},
	date-modified = {2015-08-03 19:40:02 +0000},
	institution = {NVIDIA Corporation},
	month = dec,
	number = {NVR-2008-004},
	title = {{Efficient Sparse Matrix-Vector Multiplication on {CUDA}}},
	type = {NVIDIA Technical Report},
	year = 2008
}


@inproceedings{Yan:2014:yaspmv,
	acmid = {2555255},
	address = {New York, NY, USA},
	author = {Yan, Shengen and Li, Chao and Zhang, Yunquan and Zhou, Huiyang},
	bdsk-url-1 = {http://doi.acm.org/10.1145/2555243.2555255},
	bdsk-url-2 = {http://dx.doi.org/10.1145/2555243.2555255},
	booktitle = {{Proceedings of the 19th ACM SIGPLAN Symposium on Principles and Practice of Parallel Programming}},
	date-added = {2015-08-03 19:40:02 +0000},
	date-modified = {2015-08-03 22:17:33 +0000},
	doi = {10.1145/2555243.2555255},
	isbn = {978-1-4503-2656-8},
	keywords = {BCCOO; CUDA; GPU; OpenCL; SpMV; parallel algorithms; segmented scan},
	location = {Orlando, Florida, USA},
	numpages = {12},
	pages = {107--118},
	publisher = {ACM},
	series = {{PPoPP '14}},
	title = {{yaSpMV: Yet Another SpMV Framework on GPUs}},
	year = {2014}
}

@article{Yang:2011:FSM,
	acmid = {1938548},
	author = {Yang, Xintian and Parthasarathy, Srinivasan and Sadayappan, P.},
	bdsk-url-1 = {http://dx.doi.org/10.14778/1938545.1938548},
	date-added = {2015-08-03 19:40:02 +0000},
	date-modified = {2015-08-03 22:17:42 +0000},
	issn = {2150-8097},
	issue_date = {January 2011},
	journal = {Proc. VLDB Endow.},
	month = jan,
	number = {4},
	numpages = {12},
	pages = {231--242},
	publisher = {VLDB Endowment},
	title = {{Fast Sparse Matrix-vector Multiplication on GPUs: Implications for Graph Mining}},
	volume = {4},
	year = {2011}
}

@manual{Nvidia:cusparse,
	citeulike-article-id = {10005505},
	date-added = {2015-08-03 19:40:02 +0000},
	date-modified = {2015-08-03 19:40:02 +0000},
	keywords = {cuda; gpu},
	month = aug,
	organization = {NVIDIA},
	posted-at = {2011-11-08 22:50:14},
	priority = {2},
	title = {{CUDA CUSPARSE Library}},
	year = {2010}
}

@book{Kepner:2011:GAL,
	address = {Philadelphia, PA, USA},
	author = {Kepner, Jeremy and Gilbert, John},
	date-added = {2015-08-03 19:40:02 +0000},
	date-modified = {2015-08-03 19:40:02 +0000},
	isbn = {0898719909, 9780898719901},
	publisher = {Society for Industrial and Applied Mathematics},
	title = {{Graph Algorithms in the Language of Linear Algebra}},
	year = {2011}
}


@inproceedings{Ashari:2014,
	acmid = {2683679},
	address = {Piscataway, NJ, USA},
	author = {Ashari, Arash and Sedaghati, Naser and Eisenlohr, John and Parthasarathy, Srinivasan and Sadayappan, P.},
	bdsk-url-1 = {http://dx.doi.org/10.1109/SC.2014.69},
	booktitle = {{Proceedings of the International Conference for High Performance Computing, Networking, Storage and Analysis}},
	date-added = {2015-08-03 19:40:02 +0000},
	date-modified = {2015-08-03 22:14:43 +0000},
	doi = {10.1109/SC.2014.69},
	isbn = {978-1-4799-5500-8},
	keywords = {ACSR; CSR; GPU; HYB; SpMV},
	location = {New Orleans, Louisana},
	numpages = {12},
	pages = {781--792},
	publisher = {IEEE Press},
	series = {{SC '14}},
	title = {{Fast Sparse Matrix-vector Multiplication on GPUs for Graph Applications}},
	year = {2014}
}

@article{Choi:2010,
	acmid = {1693471},
	address = {New York, NY, USA},
	author = {Choi, Jee W. and Singh, Amik and Vuduc, Richard W.},
	bdsk-url-1 = {http://doi.acm.org/10.1145/1837853.1693471},
	bdsk-url-2 = {http://dx.doi.org/10.1145/1837853.1693471},
	date-added = {2015-08-03 19:40:02 +0000},
	date-modified = {2015-08-03 22:21:32 +0000},
	doi = {10.1145/1837853.1693471},
	issn = {0362-1340},
	issue_date = {May 2010},
	journal = {SIGPLAN Not.},
	keywords = {gpu; performance modeling; sparse matrix-vector multiplication},
	month = jan,
	number = {5},
	numpages = {12},
	pages = {115--126},
	publisher = {ACM},
	title = {{Model-driven Autotuning of Sparse Matrix-vector Multiply on GPUs}},
	volume = {45},
	year = {2010}
}

@inproceedings{Reguly:2012,
	author = {Reguly, I. and Giles, M.},
	bdsk-url-1 = {http://dx.doi.org/10.1109/InPar.2012.6339602},
	booktitle = {{Innovative Parallel Computing (InPar), 2012}},
	date-added = {2015-08-03 19:40:02 +0000},
	date-modified = {2015-08-03 19:40:02 +0000},
	doi = {10.1109/InPar.2012.6339602},
	month = {May},
	pages = {1--12},
	title = {{Efficient sparse matrix-vector multiplication on cache-based GPUs}},
	year = {2012}
}


@inproceedings{Ashari:2014:ICS,
	acmid = {2597678},
	address = {New York, NY, USA},
	author = {Ashari, Arash and Sedaghati, Naser and Eisenlohr, John and Sadayappan, P.},
	bdsk-url-1 = {http://doi.acm.org/10.1145/2597652.2597678},
	bdsk-url-2 = {http://dx.doi.org/10.1145/2597652.2597678},
	booktitle = {{Proceedings of the 28th ACM International Conference on Supercomputing}},
	date-added = {2015-08-03 19:40:02 +0000},
	date-modified = {2015-08-03 22:15:34 +0000},
	doi = {10.1145/2597652.2597678},
	isbn = {978-1-4503-2642-1},
	keywords = {brc; cuda; gpu; spmv},
	location = {Munich, Germany},
	numpages = {10},
	pages = {273--282},
	publisher = {ACM},
	series = {{ICS '14}},
	title = {{An Efficient Two-dimensional Blocking Strategy for Sparse Matrix-vector Multiplication on GPUs}},
	year = {2014}
}


@inproceedings{Williams:2007,
	acmid = {1362674},
	address = {New York, NY, USA},
	articleno = {38},
	author = {Williams, Samuel and Oliker, Leonid and Vuduc, Richard and Shalf, John and Yelick, Katherine and Demmel, James},
	bdsk-url-1 = {http://doi.acm.org/10.1145/1362622.1362674},
	bdsk-url-2 = {http://dx.doi.org/10.1145/1362622.1362674},
	booktitle = {{Proceedings of the 2007 ACM/IEEE Conference on Supercomputing}},
	date-added = {2015-08-03 19:40:02 +0000},
	date-modified = {2015-08-03 22:17:19 +0000},
	doi = {10.1145/1362622.1362674},
	isbn = {978-1-59593-764-3},
	location = {Reno, Nevada},
	numpages = {12},
	pages = {38:1--38:12},
	publisher = {ACM},
	series = {{SC '07}},
	title = {{Optimization of Sparse Matrix-vector Multiplication on Emerging Multicore Platforms}},
	year = {2007}
}


@inproceedings{Liu:2013:ESM,
	acmid = {2465013},
	address = {New York, NY, USA},
	author = {Liu, Xing and Smelyanskiy, Mikhail and Chow, Edmond and Dubey, Pradeep},
	bdsk-url-1 = {http://doi.acm.org/10.1145/2464996.2465013},
	bdsk-url-2 = {http://dx.doi.org/10.1145/2464996.2465013},
	booktitle = {{Proceedings of the 27th International ACM Conference on International Conference on Supercomputing}},
	date-added = {2015-08-03 19:40:02 +0000},
	date-modified = {2015-08-03 22:19:28 +0000},
	doi = {10.1145/2464996.2465013},
	isbn = {978-1-4503-2130-3},
	keywords = {esb format; intel many integrated core architecture (intel mic); intel xeon phi; knights corner; spmv},
	location = {Eugene, Oregon, USA},
	numpages = {10},
	pages = {273--282},
	publisher = {ACM},
	series = {{ICS '13}},
	title = {{Efficient Sparse Matrix-vector Multiplication on x86-based Many-core Processors}},
	year = {2013}
}

@inproceedings{Vuduc:2010:LGA,
	acmid = {1863099},
	address = {Berkeley, CA, USA},
	author = {Vuduc, Richard and Chandramowlishwaran, Aparna and Choi, Jee and Guney, Murat and Shringarpure, Aashay},
	bdsk-url-1 = {http://dl.acm.org/citation.cfm?id=1863086.1863099},
	booktitle = {{Proceedings of the 2Nd USENIX Conference on Hot Topics in Parallelism}},
	date-added = {2015-08-03 19:40:02 +0000},
	date-modified = {2015-08-03 22:17:58 +0000},
	location = {Berkeley, CA},
	numpages = {1},
	pages = {13--13},
	publisher = {USENIX Association},
	series = {{HotPar'10}},
	title = {{On the Limits of GPU Acceleration}},
	year = {2010}
}


@article{UF:SPMC,
	acmid = {2049663},
	address = {New York, NY, USA},
	articleno = {1},
	author = {Davis, Timothy A. and Hu, Yifan},
	bdsk-url-1 = {http://doi.acm.org/10.1145/2049662.2049663},
	bdsk-url-2 = {http://dx.doi.org/10.1145/2049662.2049663},
	date-added = {2015-08-05 04:23:20 +0000},
	date-modified = {2015-08-05 04:23:39 +0000},
	issn = {0098-3500},
	issue_date = {November 2011},
	journal = {ACM Trans. Math. Softw.},
	keywords = {Graph drawing; multilevel algorithms; performance evaluation; sparse matrices},
	month = dec,
	number = {1},
	numpages = {25},
	pages = {1:1--1:25},
	publisher = {ACM},
	title = {{The University of Florida Sparse Matrix Collection}},
	volume = {38},
	year = {2011}
}


@article{DBLP:KreutzerHWFB13,
	author = {Kreutzer, Moritz and Hager, Georg and Wellein, Gerhard and Fehske, Holger and Bishop, Alan R.},
	bdsk-url-1 = {http://arxiv.org/abs/1307.6209;\%20http://dblp.uni-trier.de/rec/bib/journals/corr/KreutzerHWFB13},
	bibsource = {dblp computer science bibliography, http://dblp.org},
	date-added = {2015-08-03 19:40:02 +0000},
	date-modified = {2015-08-03 22:20:58 +0000},
	journal = {CoRR},
	timestamp = {Thu, 15 Aug 2013 15:30:56 +0200},
	title = {{A unified sparse matrix data format for modern processors with wide {SIMD} units}},
	volume = {abs/1307.6209},
	year = {2013}
}

@misc{craytitan,
  author = {{Oak Ridge National Lab}},
  title = {Titan Supercomputer},
  year = 2016,
  url = {https://www.olcf.ornl.gov/titan/},
  urldate = {2016-07-12}
}  








///////////////////////////////////////////////////////////////////////////////////////////////////////////////////////
//        Classic Papers / Foundational Theory
///////////////////////////////////////////////////////////////////////////////////////////////////////////////////////



@article{rice:1953:classes,
  title={Classes of recursively enumerable sets and their decision problems},
  author={Rice, Henry Gordon},
  journal={Transactions of the American Mathematical Society},
  volume={74},
  number={2},
  pages={358--366},
  year={1953},
  publisher={JSTOR}
}



///////////////////////////////////////////////////////////////////////////////////////////////////////////////////////
//        GPU Application papers
///////////////////////////////////////////////////////////////////////////////////////////////////////////////////////

@article{ANDERSON20085342,
title = "General purpose molecular dynamics simulations fully implemented on graphics processing units",
journal = "Journal of Computational Physics",
volume = "227",
number = "10",
pages = "5342 - 5359",
year = "2008",
note = "",
issn = "0021-9991",
doi = "http://dx.doi.org/10.1016/j.jcp.2008.01.047",
url = "http://www.sciencedirect.com/science/article/pii/S0021999108000818",
author = "Joshua A. Anderson and Chris D. Lorenz and A. Travesset",
keywords = "Graphics processing unit",
keywords = "GPU",
keywords = "NVIDIA",
keywords = "CUDA",
keywords = "Molecular dynamics",
keywords = "Polymer systems"
}


@inproceedings {EGVE:IPT_EGVE2005:105-111,
booktitle = {Eurographics Symposium on Virtual Environments},
editor = {Erik Kjems and Roland Blach},
title = {{Real-time Deformation of Detailed Geometry Based on Mappings to a Less Detailed Physical Simulation on the GPU}},
author = {Mosegaard, J. and Sørensen, T. S.},
year = {2005},
publisher = {The Eurographics Association},
ISSN = {1727-530X},
ISBN = {978-3-905674-06-4},
DOI = {10.2312/EGVE/IPT_EGVE2005/105-111}
}

@inproceedings{Parker:2010:OGP:1833349.1778803,
 author = {Parker, Steven G. and Bigler, James and Dietrich, Andreas and Friedrich, Heiko and Hoberock, Jared and Luebke, David and McAllister, David and McGuire, Morgan and Morley, Keith and Robison, Austin and Stich, Martin},
 title = {OptiX: A General Purpose Ray Tracing Engine},
 booktitle = {ACM SIGGRAPH 2010 Papers},
 series = {SIGGRAPH '10},
 year = {2010},
 isbn = {978-1-4503-0210-4},
 location = {Los Angeles, California},
 pages = {66:1--66:13},
 articleno = {66},
 numpages = {13},
 url = {http://doi.acm.org/10.1145/1833349.1778803},
 doi = {10.1145/1833349.1778803},
 acmid = {1778803},
 publisher = {ACM},
 address = {New York, NY, USA},
 keywords = {graphics hardware, graphics systems, ray tracing},
} 



///////////////////////////////////////////////////////////////////////////////////////////////////////////////////////
//        Redfox papers
///////////////////////////////////////////////////////////////////////////////////////////////////////////////////////


@inproceedings{Wu:2014:RFE:2581122.2544166,
 author = {Wu, Haicheng and Diamos, Gregory and Sheard, Tim and Aref, Molham and Baxter, Sean and Garland, Michael and Yalamanchili, Sudhakar},
 title = {Red Fox: An Execution Environment for Relational Query Processing on GPUs},
 booktitle = {Proceedings of Annual IEEE/ACM International Symposium on Code Generation and Optimization},
 series = {CGO '14},
 year = {2014},
 isbn = {978-1-4503-2670-4},
 location = {Orlando, FL, USA},
 pages = {44:44--44:54},
 articleno = {44},
 numpages = {11},
 url = {http://doi.acm.org/10.1145/2544137.2544166},
 doi = {10.1145/2544137.2544166},
 acmid = {2544166},
 publisher = {ACM},
 address = {New York, NY, USA},
 keywords = {GPU, Relational Query Processing},
} 

@inproceedings{wu_adms14,
author={Haicheng Wu, Daniel Zinn, Molham Aref, and Sudhakar Yalamanchili},
booktitle={The 5th International Workshop on Accelerating Data Management Systems Using Modern Processor and Storage Architectures (ADMS)},
title={Multipredicate Join Algorithms for Accelerating Relational Graph Processing on GPUs},
year={2014},
month={September},
}


///////////////////////////////////////////////////////////////////////////////////////////////////////////////////////
//        Large graphs
///////////////////////////////////////////////////////////////////////////////////////////////////////////////////////


@misc{sparse_matrix,
  title = {UF Sparse Matrix Collection},
  year = 2017,
  url = {https://www.cise.ufl.edu/research/sparse/matrices/CPM/},
  urldate = {2017-07-17}
}


///////////////////////////////////////////////////////////////////////////////////////////////////////////////////////
//        MPI Parallel join
///////////////////////////////////////////////////////////////////////////////////////////////////////////////////////


@article{Barthels:2017:DJA:3055540.3055545,
 author = {Barthels, Claude and M\"{u}ller, Ingo and Schneider, Timo and Alonso, Gustavo and Hoefler, Torsten},
 title = {Distributed Join Algorithms on Thousands of Cores},
 journal = {Proc. VLDB Endow.},
 issue_date = {January 2017},
 volume = {10},
 number = {5},
 month = jan,
 year = {2017},
 issn = {2150-8097},
 pages = {517--528},
 numpages = {12},
 url = {https://doi.org/10.14778/3055540.3055545},
 doi = {10.14778/3055540.3055545},
 acmid = {3055545},
 publisher = {VLDB Endowment},
} 


@inproceedings{Barthels:2015:RIJ:2723372.2750547,
 author = {Barthels, Claude and Loesing, Simon and Alonso, Gustavo and Kossmann, Donald},
 title = {Rack-Scale In-Memory Join Processing Using RDMA},
 booktitle = {Proceedings of the 2015 ACM SIGMOD International Conference on Management of Data},
 series = {SIGMOD '15},
 year = {2015},
 isbn = {978-1-4503-2758-9},
 location = {Melbourne, Victoria, Australia},
 pages = {1463--1475},
 numpages = {13},
 url = {http://doi.acm.org/10.1145/2723372.2750547},
 doi = {10.1145/2723372.2750547},
 acmid = {2750547},
 publisher = {ACM},
 address = {New York, NY, USA},
 keywords = {distributed join, distributed query processing, join processing with rdma, rack scale databases},
} 


///// PGAS

@article{doi:10.1177/1094342007078442,
author = {B.L. Chamberlain and D. Callahan and H.P. Zima},
title = {Parallel Programmability and the Chapel Language},
journal = {The International Journal of High Performance Computing Applications},
volume = {21},
number = {3},
pages = {291-312},
year = {2007},
doi = {10.1177/1094342007078442},
URL = {http://dx.doi.org/10.1177/1094342007078442},
eprint = {http://dx.doi.org/10.1177/1094342007078442}
}
